@article{chams1987some,
  title={Some experiments with simulated annealing for coloring graphs},
  author={Chams, M and Hertz, A and De Werra, D},
  journal={European Journal of Operational Research},
  volume={32},
  number={2},
  pages={260--266},
  year={1987},
  publisher={Elsevier}
}

@article{mcdiarmid1990chromatic,
  title={On the chromatic number of random graphs},
  author={McDiarmid, Colin},
  journal={Random Structures \& Algorithms},
  volume={1},
  number={4},
  pages={435--442},
  year={1990},
  publisher={Wiley Online Library}
}

@article{coja2008chromatic,
  title={On the chromatic number of random graphs},
  author={Coja-Oghlan, Amin and Panagiotou, Konstantinos and Steger, Angelika},
  journal={Journal of Combinatorial Theory, Series B},
  volume={98},
  number={5},
  pages={980--993},
  year={2008},
  publisher={Elsevier}
}
